m@web{redlight2010software,
  title={Red light tickets},
  author={DMV},
  url={https://www.carsdirect.com/dmv/what-is-the-average-red-light-ticket-cost},
 year={2012},
  publisher={CarsDirect}
}
@web{800deaths2000software,
  title={Red light running factors into more than 800 deaths annually},
  author={IIHS News},
  url={ http://www.iihs.org/iihs/news/desktopnews/red-light-running-factors-into-more-than-800-deaths-annually-more-than-half-of-those-who-die-are-hit-by-red-light-violators},
  year={2000},
  publisher={IIHS News}
}
